% TODO Sort by date ?

 %%%%%%%%%%%%%%%%%%%%%%%%%%%%%%%%%%%%%%%%%% DATASETS %%%%%%%%%%%%%%%%%%%%%%%%%%%%%%%%%%%%%%%%%%
 
 
@misc{cifar10,
    author = {Alex Krizhevsky, Vinod Nair, and Geoffrey Hinton},
    title = {The CIFAR-10 dataset},
    year = {2009},
    url = {https://www.cs.toronto.edu/~kriz/cifar.html},
}
 
 
 @article{openimagev4,
  author    = {Alina Kuznetsova and
               Hassan Rom and
               Neil Alldrin and
               Jasper R. R. Uijlings and
               Ivan Krasin and
               Jordi Pont{-}Tuset and
               Shahab Kamali and
               Stefan Popov and
               Matteo Malloci and
               Tom Duerig and
               Vittorio Ferrari},
  title     = {The Open Images Dataset {V4:} Unified image classification, object
               detection, and visual relationship detection at scale},
  journal   = {CoRR},
  volume    = {abs/1811.00982},
  year      = {2018},
  url       = {http://arxiv.org/abs/1811.00982},
  archivePrefix = {arXiv},
  eprint    = {1811.00982},
  timestamp = {Thu, 22 Nov 2018 17:58:30 +0100},
  biburl    = {https://dblp.org/rec/bib/journals/corr/abs-1811-00982},
  bibsource = {dblp computer science bibliography, https://dblp.org}
}
 
% visual object tracking
@misc{vot2018,
    author = {Kristan, Matej and Leonardis, Ales and Matas, Jiri and Felsberg, Michael and Pflugfelder, Roman and Čehovin, Luka and Vojir, Tomas and Bhat, Goutam and Lukežič, Alan and Eldesokey, Abdelrahman and Fernandez Dominguez, Gustavo and Garcia-Martin, Alvaro and Iglesias-Arias, Álvaro and Alatan, A and Gonzalez-Garcia, Abel and Petrosino, Alfredo and Memarmoghadam, Alireza and Vedaldi, Andrea and Muhič, Andrej},
    year = {2019},
    month = {01},
    pages = {3-53},
    title = {The Sixth Visual Object Tracking VOT2018 Challenge Results},
    isbn = {978-3-030-11008-6},
    doi = {10.1007/978-3-030-11009-3_1}
}
 
 @article{charades,
  author    = {Gunnar A. Sigurdsson and
               Abhinav Gupta and
               Cordelia Schmid and
               Ali Farhadi and
               Karteek Alahari},
  title     = {Charades-Ego: {A} Large-Scale Dataset of Paired Third and First Person
               Videos},
  journal   = {CoRR},
  volume    = {abs/1804.09626},
  year      = {2018},
  url       = {http://arxiv.org/abs/1804.09626},
  archivePrefix = {arXiv},
  eprint    = {1804.09626},
  timestamp = {Fri, 05 Apr 2019 07:29:46 +0200},
  biburl    = {https://dblp.org/rec/bib/journals/corr/abs-1804-09626},
  bibsource = {dblp computer science bibliography, https://dblp.org}
}
 
 @article{momentsintime,
  author    = {Mathew Monfort and
               Bolei Zhou and
               Sarah Adel Bargal and
               Alex Andonian and
               Tom Yan and
               Kandan Ramakrishnan and
               Lisa M. Brown and
               Quanfu Fan and
               Dan Gutfreund and
               Carl Vondrick and
               Aude Oliva},
  title     = {Moments in Time Dataset: one million videos for event understanding},
  journal   = {CoRR},
  volume    = {abs/1801.03150},
  year      = {2018},
  url       = {http://arxiv.org/abs/1801.03150},
  archivePrefix = {arXiv},
  eprint    = {1801.03150},
  timestamp = {Mon, 13 Aug 2018 16:48:27 +0200},
  biburl    = {https://dblp.org/rec/bib/journals/corr/abs-1801-03150},
  bibsource = {dblp computer science bibliography, https://dblp.org}
}
 
 @article{coco,
  author    = {Tsung{-}Yi Lin and
               Michael Maire and
               Serge J. Belongie and
               Lubomir D. Bourdev and
               Ross B. Girshick and
               James Hays and
               Pietro Perona and
               Deva Ramanan and
               Piotr Doll{\'{a}}r and
               C. Lawrence Zitnick},
  title     = {Microsoft {COCO:} Common Objects in Context},
  journal   = {CoRR},
  volume    = {abs/1405.0312},
  year      = {2014},
  url       = {http://arxiv.org/abs/1405.0312},
  archivePrefix = {arXiv},
  eprint    = {1405.0312},
  timestamp = {Mon, 13 Aug 2018 16:48:13 +0200},
  biburl    = {https://dblp.org/rec/bib/journals/corr/LinMBHPRDZ14},
  bibsource = {dblp computer science bibliography, https://dblp.org}
}
 
 
@misc{iwildcam2019,
Author = {Sara Beery and Grant van Horn and Oisin Mac Aodha and Pietro Perona},
Title = {The iWildCam 2018 Challenge Dataset},
Year = {2019},
Eprint = {arXiv:1904.05986},
}

@misc{snapshot_seregenti,
  title = {Data from: Snapshot Serengeti, high-frequency annotated camera trap images of 40 mammalian species in an African savanna},
  author = {Swanson, AB and Kosmala, M and Lintott, CJ and Simpson, RJ and Smith, A and Packer, C},
  year = {2015},
  journal = {Scientific Data},
  URL = {https://doi.org/10.5061/dryad.5pt92},
  doi = {doi:10.5061/dryad.5pt92},
  publisher = {Dryad Digital Repository}
}

@inproceedings{imagenet_cvpr09,
author = {Deng, J. and Dong, W. and Socher, R. and Li, L.-J. and Li, K. and Fei-Fei, L.},
title = {{ImageNet: A Large-Scale Hierarchical Image Database}},
booktitle = {CVPR09},
year = {2009},
bibsource = "http://www.image-net.org/papers/imagenet_cvpr09.bib"
}

% Airsim microsoft 3D env
@article{airsim,
  author    = {Shital Shah and
               Debadeepta Dey and
               Chris Lovett and
               Ashish Kapoor},
  title     = {AirSim: High-Fidelity Visual and Physical Simulation for Autonomous
               Vehicles},
  journal   = {CoRR},
  volume    = {abs/1705.05065},
  year      = {2017},
  url       = {http://arxiv.org/abs/1705.05065},
  archivePrefix = {arXiv},
  eprint    = {1705.05065},
  timestamp = {Mon, 13 Aug 2018 16:46:28 +0200},
  biburl    = {https://dblp.org/rec/bib/journals/corr/ShahDLK17},
  bibsource = {dblp computer science bibliography, https://dblp.org}
}

% iNaturalist dataset 859,000 images from over 5,000 different species of plants and animals
@article{inaturalist,
  author    = {Grant Van Horn and
               Oisin {Mac Aodha} and
               Yang Song and
               Alexander Shepard and
               Hartwig Adam and
               Pietro Perona and
               Serge J. Belongie},
  title     = {The iNaturalist Challenge 2017 Dataset},
  journal   = {CoRR},
  volume    = {abs/1707.06642},
  year      = {2017},
  url       = {http://arxiv.org/abs/1707.06642},
  archivePrefix = {arXiv},
  eprint    = {1707.06642},
  timestamp = {Mon, 13 Aug 2018 16:48:58 +0200},
  biburl    = {https://dblp.org/rec/bib/journals/corr/HornASSAPB17},
  bibsource = {dblp computer science bibliography, https://dblp.org}
}
 %%%%%%%%%%%%%%%%%%%%%%%%%%%%%%%%%%%%%%%%%%%%%%%%%%%%%%%%%%%%%%%%%%%%%%%%%%%%%%%%%%%%%%%%%%%%%%

% Old radio tracking animals
@book{radio1983,
 ISBN = {9780816612222},
 URL = {http://www.jstor.org/stable/10.5749/j.cttts51f},
 abstract = {<p>A practical manual which explains the use of radio-tracking in ecological and biological research.</p>},
 author = {L. David Mech},
 edition = {NED - New edition},
 publisher = {University of Minnesota Press},
 title = {Handbook of Animal Radio-Tracking},
 year = {1983}
}

% Satellite bird monitoring
@article{satellite2018,
author = {Buechley, Evan and Mcgrady, Michael and Coban, Emrah and Sekercioglu, Cagan},
year = {2018},
month = {03},
pages = {},
title = {Satellite tracking a wide-ranging endangered vulture species to target conservation actions in the Middle East and East Africa},
journal = {Biodiversity and Conservation},
doi = {10.1007/s10531-018-1538-6}
}

% Zebra gps monitoring (zebranet..)
@article{zebranet2002,
 author = {Juang, Philo and Oki, Hidekazu and Wang, Yong and Martonosi, Margaret and Peh, Li Shiuan and Rubenstein, Daniel},
 title = {Energy-efficient Computing for Wildlife Tracking: Design Tradeoffs and Early Experiences with ZebraNet},
 journal = {SIGARCH Comput. Archit. News},
 issue_date = {December 2002},
 volume = {30},
 number = {5},
 month = oct,
 year = {2002},
 issn = {0163-5964},
 pages = {96--107},
 numpages = {12},
 url = {http://doi.acm.org/10.1145/635506.605408},
 doi = {10.1145/635506.605408},
 acmid = {605408},
 publisher = {ACM},
 address = {New York, NY, USA},
} 

% Book about .. idk
@book{animaltracking2007,
  title={Animal Tracking Basics},
  author={Young, J. and Morgan, T.},
  isbn={9780811733267},
  lccn={2006012166},
  series={G - Reference,Information and Interdisciplinary Subjects Series},
  url={https://books.google.fr/books?id=HTJMTit3OJ8C},
  year={2007},
  publisher={Stackpole Books}
}

% Sensor net
@misc{sensornet2004,
author = {Szewczyk, Robert and M. Mainwaring, Alan and Polastre, Joseph and Anderson, John and Culler, David},
year = {2004},
month = {01},
pages = {214-226},
title = {An analysis of a large scale habitat monitoring application},
journal = {SenSys'04 - Proceedings of the Second International Conference on Embedded Networked Sensor Systems},
doi = {10.1145/1031495.1031521}
}

% Portable camera directly on animal
@article{portablecamera2008,
  title={Energy Minimization of Portable Video Communication Devices Based on Power-Rate-Distortion Optimization},
  author={Zhihai He and Wenye Cheng and Xiao Dong Chen},
  journal={IEEE Transactions on Circuits and Systems for Video Technology},
  year={2008},
  volume={18},
  pages={596-608}
}

@article{gps2001,
author = {A.R. Hulbert, Ian and French, John},
year = {2001},
month = {12},
pages = {869 - 878},
title = {The accuracy of GPS for wildlife telemetry and habitat mapping},
volume = {38},
journal = {Journal of Applied Ecology},
doi = {10.1046/j.1365-2664.2001.00624.x}
}

@article{sensornet2002,
author = {Akyildiz, Ian and WY, Su and Sankarasubramaniam, Y and Cayirci, E},
year = {2002},
month = {03},
pages = {393-422},
title = {Wireless Sensor Networks: A Survey},
volume = {38},
journal = {Computer Networks},
doi = {10.1016/S1389-1286(01)00302-4}
}

%% Remove?
@article{article,
author = {Hughson, Debra and W. Darby, Neal and D. Dungan, Jason},
year = {2010},
month = {03},
pages = {101-109},
title = {Comparison of motion-activated cameras for wildlife investigations},
volume = {96},
journal = {California Fish and Game}
}

% ?
@article{article,
author = {Wawerla, Jens and Marshall, Shelley and Mori, Greg and Rothley, Kristina and Sabzmeydani, Payam},
year = {2009},
month = {07},
pages = {303-317},
title = {BearCam: Automated wildlife monitoring at the arctic circle},
volume = {20},
journal = {Mach. Vis. Appl.},
doi = {10.1007/s00138-008-0128-0}
}

% Trash
@article{article,
author = {J Torney, Colin and P Dobson, Andrew and Borner, Felix and Lloyd-Jones, David and Moyer, David and T Maliti, Honori and Mwita, Machoke and Frederick, Howard and Borner, Markus and Hopcraft, J. Grant C.},
year = {2016},
month = {05},
pages = {e0156342},
title = {Assessing Rotation-Invariant Feature Classification for Automated Wildebeest Population Counts},
volume = {11},
journal = {PloS one},
doi = {10.1371/journal.pone.0156342}
}

% ?
@inproceedings{inproceedings,
author = {Burghardt, T and Calic, Janko and T. Thomas, Barry},
year = {2004},
month = {01},
pages = {},
title = {Tracking Animals in Wildlife Videos Using Face Detection.}
}

%% Drones, no ml (template matching, pixel stuff)
@article{s16010097,
author = {Gonzalez, Luis and A Montes, Glen and Puig, Eduard and Johnson, Sandra and Mengersen, Kerrie and Gaston, Kevin},
year = {2016},
month = {01},
pages = {97},
title = {Unmanned Aerial Vehicles (UAVs) and Artificial Intelligence Revolutionizing Wildlife Monitoring and Conservation},
volume = {16},
journal = {Sensors},
doi = {10.3390/s16010097}
}

% GOOD ONE SIMILAR PROJECT, early DL + Cloud stuff
@article{emammal,
author = {Kays, Roland and He, zhihai and Zhang, Zhi and Ning, Guanghan and Huang, Chen and X. Han, tony and millspaugh, Josh and Forrester, Tavis and McShea, William},
year = {2016},
month = {02},
pages = {},
title = {Visual Informatics Tools for Supporting Large-Scale Collaborative Wildlife Monitoring with Citizen Scientists},
volume = {16},
journal = {IEEE Circuits and Systems Magazine},
doi = {10.1109/MCAS.2015.2510200}
}

% Full DL, no imagenet pretraining, only camera trap dataset resnet 18
% North American Camera Trap Images
@article{north_american_camera_trap_and_resnet18,
author = {Tabak, Michael and Norouzzadeh, Mohammad Sadegh and Sweeney, Steven and Vercauteren, Kurt and Snow, Nathan and M Halseth, Joseph and A Di Salvo, Paul and Lewis, Jesse and White, Michael and Teton, Ben and Boughton, Raoul and Wight, Bethany and Newkirk, Eric and A Odell, Eric and Brook, Ryan and Moeller, Anna and G Mandeville, Elizabeth and Clune, Jeff and Miller, Ryan and Schlichting, Peter},
year = {2018},
month = {11},
pages = {1-6},
title = {Machine learning to classify animal species in camera trap images: Applications in ecology},
journal = {Methods in Ecology and Evolution},
doi = {10.1111/2041-210X.13120}
}

% Original resnet paper
@misc{officialresnet2015,
Author = {Kaiming He and Xiangyu Zhang and Shaoqing Ren and Jian Sun},
Title = {Deep Residual Learning for Image Recognition},
Year = {2015},
Eprint = {arXiv:1512.03385},
}

% Resnet 152 DCNN classification ..
@misc{dl_imagenet_seregenti_norouzzadeh,
Author = {Mohammed Sadegh Norouzzadeh and Anh Nguyen and Margaret Kosmala and Ali Swanson and Meredith Palmer and Craig Packer and Jeff Clune},
Title = {Automatically identifying, counting, and describing wild animals in camera-trap images with deep learning},
Year = {2017},
Eprint = {arXiv:1703.05830},
}

% Deep learning, transer learning imagenet + seregenti
@article{dl__imagenet_seregenti_gomez,
  author    = {Alexander G{\'{o}}mez and
               Augusto Salazar and
               Jes{\'{u}}s Francisco Vargas{-}Bonilla},
  title     = {Towards Automatic Wild Animal Monitoring: Identification of Animal
               Species in Camera-trap Images using Very Deep Convolutional Neural
               Networks},
  journal   = {CoRR},
  volume    = {abs/1603.06169},
  year      = {2016},
  url       = {http://arxiv.org/abs/1603.06169},
  archivePrefix = {arXiv},
  eprint    = {1603.06169},
  timestamp = {Mon, 25 Mar 2019 19:38:04 +0100},
  biburl    = {https://dblp.org/rec/bib/journals/corr/GomezSV16},
  bibsource = {dblp computer science bibliography, https://dblp.org}
}

% no transfer learning?
@article{dl_seregenti_willi,
    author = {Willi, Marco and Tyzack Pitman, Ross and Cardoso, Anabelle and Locke, Christina and Swanson, Alexandra and Boyer, Amy and Veldthuis, Marten and Fortson, Lucy},
    year = {2018},
    month = {10},
    pages = {},
    title = {Identifying Animal Species in Camera Trap Images using Deep Learning and Citizen Science},
    volume = {10},
    journal = {Methods in Ecology and Evolution},
    doi = {10.1111/2041-210x.13099}
}

%% Stuff done at my previous job
@misc{inradio,
author = {Rohde \& Schwarz},
title = {The Internet of animals},
year = {2018},
howpublished = "\url{https://www.rohde-schwarz.com/lv/about/news-press/details/news-library/news-detailpages/the-internet-of-animals-news_detailpage_229349-561345.html}"
}


@book{harari3,
author = {Yuval Noah Harari},
title = {21 Lessons for the 21st Century},
year = {2018},
pages = {372},
publisher = {Spiegel \& Grau, Jonathan Cape}
}

@incollection{originalcnn,
title = {ImageNet Classification with Deep Convolutional Neural Networks},
author = {Alex Krizhevsky and Sutskever, Ilya and Hinton, Geoffrey E},
booktitle = {Advances in Neural Information Processing Systems 25},
editor = {F. Pereira and C. J. C. Burges and L. Bottou and K. Q. Weinberger},
pages = {1097--1105},
year = {2012},
publisher = {Curran Associates, Inc.},
url = {http://papers.nips.cc/paper/4824-imagenet-classification-with-deep-convolutional-neural-networks.pdf}
}

@mastersthesis{kruger2016inexpensive,
title={An inexpensive hyperbolic positioning system for tracking wildlife using off-the-shelf hardware},
author={Kr{\"u}ger, Schalk Willem},
year={2016},
school={North-West University (South Africa), Potchefstroom Campus}
}

% RELU original
@misc{relu,
author = {Nair, Vinod and E. Hinton, Geoffrey},
year = {2010},
month = {06},
pages = {807-814},
title = {Rectified Linear Units Improve Restricted Boltzmann Machines Vinod Nair},
volume = {27},
journal = {Proceedings of ICML}
}

@misc{bearfacenet,
author = {hypraptive},
year = {2017},
title = {FaceNet for Bears},
howpublished = "\url{https://hypraptive.github.io/2017/01/21/facenet-for-bears.html}"
}

@article{facenetoriginal,
  author    = {Florian Schroff and
               Dmitry Kalenichenko and
               James Philbin},
  title     = {FaceNet: {A} Unified Embedding for Face Recognition and Clustering},
  journal   = {CoRR},
  volume    = {abs/1503.03832},
  year      = {2015},
  url       = {http://arxiv.org/abs/1503.03832},
  archivePrefix = {arXiv},
  eprint    = {1503.03832},
  timestamp = {Mon, 13 Aug 2018 16:46:42 +0200},
  biburl    = {https://dblp.org/rec/bib/journals/corr/SchroffKP15},
  bibsource = {dblp computer science bibliography, https://dblp.org}
}



% TOP 1 TOP 5 object detection ?
@article{2019arXivFixRes,
       author = {Hugo, Touvron and Vedaldi, Andrea and Douze, Matthijs and J{\'e}gou, Herv{\'e}},
        title = "{Fixing the train-test resolution discrepancy}",
      journal = {arXiv e-prints},
         year = "2019",
        month = "June",
}

% MAP 43.9% object detection Imagenet (top 1)
@article{inception,
  author    = {Christian Szegedy and
               Wei Liu and
               Yangqing Jia and
               Pierre Sermanet and
               Scott E. Reed and
               Dragomir Anguelov and
               Dumitru Erhan and
               Vincent Vanhoucke and
               Andrew Rabinovich},
  title     = {Going Deeper with Convolutions},
  journal   = {CoRR},
  volume    = {abs/1409.4842},
  year      = {2014},
  url       = {http://arxiv.org/abs/1409.4842},
  archivePrefix = {arXiv},
  eprint    = {1409.4842},
  timestamp = {Mon, 13 Aug 2018 16:48:52 +0200},
  biburl    = {https://dblp.org/rec/bib/journals/corr/SzegedyLJSRAEVR14},
  bibsource = {dblp computer science bibliography, https://dblp.org}
}

% SOTA on video action classification datasets Charades & Moments in Time
@article{assemblenet,
  author    = {Michael S. Ryoo and
               A. J. Piergiovanni and
               Mingxing Tan and
               Anelia Angelova},
  title     = {AssembleNet: Searching for Multi-Stream Neural Connectivity in Video
               Architectures},
  journal   = {CoRR},
  volume    = {abs/1905.13209},
  year      = {2019},
  url       = {http://arxiv.org/abs/1905.13209},
  archivePrefix = {arXiv},
  eprint    = {1905.13209},
  timestamp = {Mon, 03 Jun 2019 13:42:33 +0200},
  biburl    = {https://dblp.org/rec/bib/journals/corr/abs-1905-13209},
  bibsource = {dblp computer science bibliography, https://dblp.org}
}
% SOTA visual object tracking dataset VOT2017/18
@inproceedings{thor,
  author={Sauer, Axel and Aljalbout, Elie and Haddadin, Sami},
  title={Tracking Holistic Object Representations},
  booktitle={British Machine Vision Conference (BMVC)},
  year={2019}
}

@misc{romainbeaumont_2018,
    title={Learning computer vision}, url={https://towardsdatascience.com/learning-computer-vision-41398ad9941f},
    journal={Towards Data Science}, 
    author={Romain Beaumont},
    year={2018},
    month={Nov}
}

% RCNN original
@article{rcnn,
  author    = {Ross B. Girshick and
               Jeff Donahue and
               Trevor Darrell and
               Jitendra Malik},
  title     = {Rich feature hierarchies for accurate object detection and semantic
               segmentation},
  journal   = {CoRR},
  volume    = {abs/1311.2524},
  year      = {2013},
  url       = {http://arxiv.org/abs/1311.2524},
  archivePrefix = {arXiv},
  eprint    = {1311.2524},
  timestamp = {Mon, 13 Aug 2018 16:48:09 +0200},
  biburl    = {https://dblp.org/rec/bib/journals/corr/GirshickDDM13},
  bibsource = {dblp computer science bibliography, https://dblp.org}
}

% Fast-RCNN
@article{fastrcnn,
  author    = {Ross B. Girshick},
  title     = {Fast {R-CNN}},
  journal   = {CoRR},
  volume    = {abs/1504.08083},
  year      = {2015},
  url       = {http://arxiv.org/abs/1504.08083},
  archivePrefix = {arXiv},
  eprint    = {1504.08083},
  timestamp = {Mon, 13 Aug 2018 16:49:11 +0200},
  biburl    = {https://dblp.org/rec/bib/journals/corr/Girshick15},
  bibsource = {dblp computer science bibliography, https://dblp.org}
}

% Faster-RCNN
@article{fasterrcnn,
  author    = {Shaoqing Ren and
               Kaiming He and
               Ross B. Girshick and
               Jian Sun},
  title     = {Faster {R-CNN:} Towards Real-Time Object Detection with Region Proposal
               Networks},
  journal   = {CoRR},
  volume    = {abs/1506.01497},
  year      = {2015},
  url       = {http://arxiv.org/abs/1506.01497},
  archivePrefix = {arXiv},
  eprint    = {1506.01497},
  timestamp = {Mon, 13 Aug 2018 16:46:02 +0200},
  biburl    = {https://dblp.org/rec/bib/journals/corr/RenHG015},
  bibsource = {dblp computer science bibliography, https://dblp.org}
}

% RFCN
@article{rfcn,
  author    = {Jifeng Dai and
               Yi Li and
               Kaiming He and
               Jian Sun},
  title     = {{R-FCN:} Object Detection via Region-based Fully Convolutional Networks},
  journal   = {CoRR},
  volume    = {abs/1605.06409},
  year      = {2016},
  url       = {http://arxiv.org/abs/1605.06409},
  archivePrefix = {arXiv},
  eprint    = {1605.06409},
  timestamp = {Mon, 13 Aug 2018 16:46:21 +0200},
  biburl    = {https://dblp.org/rec/bib/journals/corr/DaiLHS16},
  bibsource = {dblp computer science bibliography, https://dblp.org}
}

% YOLO
@article{yolo,
  author    = {Joseph Redmon and
               Santosh Kumar Divvala and
               Ross B. Girshick and
               Ali Farhadi},
  title     = {You Only Look Once: Unified, Real-Time Object Detection},
  journal   = {CoRR},
  volume    = {abs/1506.02640},
  year      = {2015},
  url       = {http://arxiv.org/abs/1506.02640},
  archivePrefix = {arXiv},
  eprint    = {1506.02640},
  timestamp = {Mon, 13 Aug 2018 16:48:08 +0200},
  biburl    = {https://dblp.org/rec/bib/journals/corr/RedmonDGF15},
  bibsource = {dblp computer science bibliography, https://dblp.org}
}

% SSD
@article{ssd,
  author    = {Wei Liu and
               Dragomir Anguelov and
               Dumitru Erhan and
               Christian Szegedy and
               Scott E. Reed and
               Cheng{-}Yang Fu and
               Alexander C. Berg},
  title     = {{SSD:} Single Shot MultiBox Detector},
  journal   = {CoRR},
  volume    = {abs/1512.02325},
  year      = {2015},
  url       = {http://arxiv.org/abs/1512.02325},
  archivePrefix = {arXiv},
  eprint    = {1512.02325},
  timestamp = {Mon, 13 Aug 2018 16:48:29 +0200},
  biburl    = {https://dblp.org/rec/bib/journals/corr/LiuAESR15},
  bibsource = {dblp computer science bibliography, https://dblp.org}
}

% NASNET
@article{nasnet,
  author    = {Barret Zoph and
               Vijay Vasudevan and
               Jonathon Shlens and
               Quoc V. Le},
  title     = {Learning Transferable Architectures for Scalable Image Recognition},
  journal   = {CoRR},
  volume    = {abs/1707.07012},
  year      = {2017},
  url       = {http://arxiv.org/abs/1707.07012},
  archivePrefix = {arXiv},
  eprint    = {1707.07012},
  timestamp = {Mon, 13 Aug 2018 16:48:00 +0200},
  biburl    = {https://dblp.org/rec/bib/journals/corr/ZophVSL17},
  bibsource = {dblp computer science bibliography, https://dblp.org}
}

% MASK R-CNN
@article{maskrcnn,
  author    = {Kaiming He and
               Georgia Gkioxari and
               Piotr Doll{\'{a}}r and
               Ross B. Girshick},
  title     = {Mask {R-CNN}},
  journal   = {CoRR},
  volume    = {abs/1703.06870},
  year      = {2017},
  url       = {http://arxiv.org/abs/1703.06870},
  archivePrefix = {arXiv},
  eprint    = {1703.06870},
  timestamp = {Mon, 13 Aug 2018 16:46:36 +0200},
  biburl    = {https://dblp.org/rec/bib/journals/corr/HeGDG17},
  bibsource = {dblp computer science bibliography, https://dblp.org}
}

% Tensorflow
@inproceedings{tensorflow,
    title	= {TensorFlow: A system for large-scale machine learning},
    author	= {Martin Abadi and Paul Barham and Jianmin Chen and Zhifeng Chen and Andy Davis and Jeffrey Dean and Matthieu Devin and Sanjay Ghemawat and Geoffrey Irving and Michael Isard and Manjunath Kudlur and Josh Levenberg and Rajat Monga and Sherry Moore and Derek G. Murray and Benoit Steiner and Paul Tucker and Vijay Vasudevan and Pete Warden and Martin Wicke and Yuan Yu and Xiaoqiang Zheng},
    year	= {2016},
    URL	= {https://www.usenix.org/system/files/conference/osdi16/osdi16-abadi.pdf},
    booktitle	= {12th USENIX Symposium on Operating Systems Design and Implementation (OSDI 16)},
    pages	= {265--283}
}

% Tensorflow models
@misc{tensorflow_models,
  title = {Tensorflow models},
  author = {Google},
  howpublished={\url{https://github.com/tensorflow/models}},
}




% Pytorch
@inproceedings{pytorch,
  title={Automatic Differentiation in {PyTorch}},
  author={Paszke, Adam and Gross, Sam and Chintala, Soumith and Chanan, Gregory and Yang, Edward and DeVito, Zachary and Lin, Zeming and Desmaison, Alban and Antiga, Luca and Lerer, Adam},
  booktitle={NIPS Autodiff Workshop},
  year={2017}
}

% Protobuf
@misc{protobuf,
  title = {Protocol Buffers},
  author = {Google},
  howpublished={\url{https://developers.google.com/protocol-buffers/}},
}

% Google Colab
@misc{colab,
  title = {Colaboratory},
  author = {Google},
  howpublished={\url{https://colab.research.google.com/}},
}

% Paper with code
@misc{pwc_classification_inaturalist,
  title = {Benchmark image classification on iNaturalist},
  author = {paperswithcode.com},
  howpublished={\url{https://paperswithcode.com/sota/image-classification-on-inaturalist}},
}

@misc{pwc_classification_imagenet,
  title = {Benchmark image classification on ImageNet},
  author = {paperswithcode.com},
  howpublished={\url{https://paperswithcode.com/sota/image-classification-on-imagenet}},
}

@misc{stats_smartphone_usage,
  title = {Smartphone usage worldwide},
  author = {www.statista.com},
  howpublished={\url{https://www.statista.com/statistics/330695/number-of-smartphone-users-worldwide}},
}

@misc{microsoft_camera_trap,
  title = {Microsoft's camera trap models},
  author = {Microsoft AI for Earth},
  howpublished={\url{https://github.com/microsoft/CameraTraps}},
}

@misc{deepmind_camera_trap,
  title = {Using machine learning to accelerate ecological research},
  author = {DeepMind},
  howpublished={\url{https://deepmind.com/blog/article/using-machine-learning-to-accelerate-ecological-research}},
}

@article{alphago,
    title	= {Mastering the game of Go with deep neural networks and tree search},
    author	= {David Silver and Aja Huang and Christopher J. Maddison and Arthur Guez and Laurent Sifre and George van den Driessche and Julian Schrittwieser and Ioannis Antonoglou and Veda Panneershelvam and Marc Lanctot and Sander Dieleman and Dominik Grewe and John Nham and Nal Kalchbrenner and Ilya Sutskever and Timothy Lillicrap and Madeleine Leach and Koray Kavukcuoglu and Thore Graepel and Demis Hassabis},
    year	= {2016},
    URL	= {http://www.nature.com/nature/journal/v529/n7587/full/nature16961.html},
    journal	= {Nature},
    pages	= {484--503},
    volume	= {529}
}

@article{alphastar,
  author    = {Kai Arulkumaran and
               Antoine Cully and
               Julian Togelius},
  title     = {AlphaStar: An Evolutionary Computation Perspective},
  journal   = {CoRR},
  volume    = {abs/1902.01724},
  year      = {2019},
  url       = {http://arxiv.org/abs/1902.01724},
  archivePrefix = {arXiv},
  eprint    = {1902.01724},
  timestamp = {Tue, 21 May 2019 18:03:39 +0200},
  biburl    = {https://dblp.org/rec/bib/journals/corr/abs-1902-01724},
  bibsource = {dblp computer science bibliography, https://dblp.org}
}

% Early transfer learning bengio
@article{transfer_learning_bengio,
  author    = {Jason Yosinski and
               Jeff Clune and
               Yoshua Bengio and
               Hod Lipson},
  title     = {How transferable are features in deep neural networks?},
  journal   = {CoRR},
  volume    = {abs/1411.1792},
  year      = {2014},
  url       = {http://arxiv.org/abs/1411.1792},
  archivePrefix = {arXiv},
  eprint    = {1411.1792},
  timestamp = {Mon, 13 Aug 2018 16:47:20 +0200},
  biburl    = {https://dblp.org/rec/bib/journals/corr/YosinskiCBL14},
  bibsource = {dblp computer science bibliography, https://dblp.org}
}

% bengio feature learning
@article{feature_learning_bengio,
  author    = {Yoshua Bengio and
               Aaron C. Courville and
               Pascal Vincent},
  title     = {Unsupervised Feature Learning and Deep Learning: {A} Review and New
               Perspectives},
  journal   = {CoRR},
  volume    = {abs/1206.5538},
  year      = {2012},
  url       = {http://arxiv.org/abs/1206.5538},
  archivePrefix = {arXiv},
  eprint    = {1206.5538},
  timestamp = {Mon, 13 Aug 2018 16:47:42 +0200},
  biburl    = {https://dblp.org/rec/bib/journals/corr/abs-1206-5538},
  bibsource = {dblp computer science bibliography, https://dblp.org}
}

% decaf feature
@article{decaf_feature,
  author    = {Jeff Donahue and
               Yangqing Jia and
               Oriol Vinyals and
               Judy Hoffman and
               Ning Zhang and
               Eric Tzeng and
               Trevor Darrell},
  title     = {DeCAF: {A} Deep Convolutional Activation Feature for Generic Visual
               Recognition},
  journal   = {CoRR},
  volume    = {abs/1310.1531},
  year      = {2013},
  url       = {http://arxiv.org/abs/1310.1531},
  archivePrefix = {arXiv},
  eprint    = {1310.1531},
  timestamp = {Mon, 13 Aug 2018 16:46:51 +0200},
  biburl    = {https://dblp.org/rec/bib/journals/corr/DonahueJVHZTD13},
  bibsource = {dblp computer science bibliography, https://dblp.org}
}

% Ecology
@misc{cop21_1,
  title = {Global biodiversity outlook 1. In Convention on
Biological Diversity},
  author = {S. CBD.},
  year = 2017
}

@misc{gcp_pricing,
  title = {Google Cloud Platform pricing},
  author = {Google Cloud},
  howpublished={\url{https://cloud.google.com/pricing}}
}

@misc{python_machine_learning,
  title = {Python is the most used programming language for machine learning},
  author = {Github},
  howpublished={\url{https://github.blog/2019-01-24-the-state-of-the-octoverse-machine-learning}}
}

@misc{gpu_cnn,
author = {Paine, Thomas and Jin, Hailin and Yang, Jianchao and Lin, Zhe and Huang, Thomas},
year = {2013},
month = {12},
title = {GPU Asynchronous Stochastic Gradient Descent to Speed Up Neural Network Training}
}

@misc{gitpod,
  title = {One-Click Online IDE for GitHub},
  author = {Gitpod},
  howpublished={\url{https://www.gitpod.io}}
}

@article{lecun-mnisthandwrittendigit-2010,
  added-at = {2010-06-28T21:16:30.000+0200},
  author = {LeCun, Yann and Cortes, Corinna},
  biburl = {https://www.bibsonomy.org/bibtex/2935bad99fa1f65e03c25b315aa3c1032/mhwombat},
  journal = "http://yann.lecun.com",
  groups = {public},
  howpublished = {http://yann.lecun.com/exdb/mnist/},
  interhash = {21b9d0558bd66279df9452562df6e6f3},
  intrahash = {935bad99fa1f65e03c25b315aa3c1032},
  keywords = {MSc _checked character_recognition mnist network neural},
  lastchecked = {2016-01-14 14:24:11},
  timestamp = {2016-07-12T19:25:30.000+0200},
  title = {{MNIST} handwritten digit database},
  url = {http://yann.lecun.com/exdb/mnist/},
  username = {mhwombat},
  year = 2010
}